% use `texdoc biblatex` to get help

@article{服务监管,
  title={服务监管理论与技术初探},
  author={尹建伟 and 陈锦涛 and 邓水光},
  journal={中国计算机学会通讯},
  volume={18},
  number={8},
  pages={55--63},
  year={2022},
  month={8},
}

@article{parr1995antlr,
  title={ANTLR: A predicated-LL (k) parser generator},
  author={Parr, Terence J. and Quong, Russell W.},
  journal={Software: Practice and Experience},
  volume={25},
  number={7},
  pages={789--810},
  year={1995},
  publisher={Wiley Online Library}
}
@article{parr2011ll,
  title={LL (*) the foundation of the ANTLR parser generator},
  author={Parr, Terence and Fisher, Kathleen},
  journal={ACM Sigplan Notices},
  volume={46},
  number={6},
  pages={425--436},
  year={2011},
  publisher={ACM New York, NY, USA}
}

@misc{parr2004s,
  title={What's ANTLR},
  author={Parr, Terence and Wells, Peter and Klaren, Ric and Craymer, Loring and Coker, Jim and Stanchfield, Scott and Mitchell, John and Flack, Chapman},
  year={2004}
}

@article{zhao2023survey,
  title={A survey of large language models},
  author={Zhao, Wayne Xin and Zhou, Kun and Li, Junyi and Tang, Tianyi and Wang, Xiaolei and Hou, Yupeng and Min, Yingqian and Zhang, Beichen and Zhang, Junjie and Dong, Zican and others},
  journal={arXiv preprint arXiv:2303.18223},
  year={2023}
}

@article{zhou2020progress,
  title={Progress in neural NLP: modeling, learning, and reasoning},
  author={Zhou, Ming and Duan, Nan and Liu, Shujie and Shum, Heung-Yeung},
  journal={Engineering},
  volume={6},
  number={3},
  pages={275--290},
  year={2020},
  publisher={Elsevier}
}

@article{wei2022emergent,
  title={Emergent abilities of large language models},
  author={Wei, Jason and Tay, Yi and Bommasani, Rishi and Raffel, Colin and Zoph, Barret and Borgeaud, Sebastian and Yogatama, Dani and Bosma, Maarten and Zhou, Denny and Metzler, Donald and others},
  journal={arXiv preprint arXiv:2206.07682},
  year={2022}
}

@inproceedings{chen2021sharp,
  title={A sharp leap from quantified boolean formula to stochastic boolean satisfiability solving},
  author={Chen, Pei-Wei and Huang, Yu-Ching and Jiang, Jie-Hong R},
  booktitle={Proceedings of the AAAI Conference on Artificial Intelligence},
  volume={35},
  number={5},
  pages={3697--3706},
  year={2021}
}

@article{alyahya2022structure,
  title={On the structure of the boolean satisfiability problem: A survey},
  author={Alyahya, Tasniem Nasser and Menai, Mohamed El Bachir and Mathkour, Hassan},
  journal={ACM Computing Surveys (CSUR)},
  volume={55},
  number={3},
  pages={1--34},
  year={2022},
  publisher={ACM New York, NY}
}

@inproceedings{bjorner2023satisfiability,
  title={Satisfiability modulo custom theories in Z3},
  author={Bj{\o}rner, Nikolaj and Eisenhofer, Clemens and Kov{\'a}cs, Laura},
  booktitle={International Conference on Verification, Model Checking, and Abstract Interpretation},
  pages={91--105},
  year={2023},
  organization={Springer}
}

@article{wang2020sbert,
  title={Sbert-wk: A sentence embedding method by dissecting bert-based word models},
  author={Wang, Bin and Kuo, C-C Jay},
  journal={IEEE/ACM Transactions on Audio, Speech, and Language Processing},
  volume={28},
  pages={2146--2157},
  year={2020},
  publisher={IEEE}
}

@article{han2021transformer,
  title={Transformer in transformer},
  author={Han, Kai and Xiao, An and Wu, Enhua and Guo, Jianyuan and Xu, Chunjing and Wang, Yunhe},
  journal={Advances in neural information processing systems},
  volume={34},
  pages={15908--15919},
  year={2021}
}

@inproceedings{cousot1995formal,
  title={Formal language, grammar and set-constraint-based program analysis by abstract interpretation},
  author={Cousot, Patrick and Cousot, Radhia},
  booktitle={Proceedings of the seventh international conference on Functional programming languages and computer architecture},
  pages={170--181},
  year={1995}
}

@article{hu2021lora,
  title={Lora: Low-rank adaptation of large language models},
  author={Hu, Edward J and Shen, Yelong and Wallis, Phillip and Allen-Zhu, Zeyuan and Li, Yuanzhi and Wang, Shean and Wang, Lu and Chen, Weizhu},
  journal={arXiv preprint arXiv:2106.09685},
  year={2021}
}

@inproceedings{ramos2003using,
  title={Using tf-idf to determine word relevance in document queries},
  author={Ramos, Juan and others},
  booktitle={Proceedings of the first instructional conference on machine learning},
  volume={242},
  number={1},
  pages={29--48},
  year={2003},
  organization={Citeseer}
}

@inproceedings{sivakumar2020review,
  title={Review on word2vec word embedding neural net},
  author={Sivakumar, Soubraylu and Videla, Lakshmi Sarvani and Kumar, T Rajesh and Nagaraj, J and Itnal, Shilpa and Haritha, D},
  booktitle={2020 international conference on smart electronics and communication (ICOSEC)},
  pages={282--290},
  year={2020},
  organization={IEEE}
}

@article{koroteev2021bert,
  title={BERT: a review of applications in natural language processing and understanding},
  author={Koroteev, MV},
  journal={arXiv preprint arXiv:2103.11943},
  year={2021}
}

@article{edunov2019pre,
  title={Pre-trained language model representations for language generation},
  author={Edunov, Sergey and Baevski, Alexei and Auli, Michael},
  journal={arXiv preprint arXiv:1903.09722},
  year={2019}
}

@article{bai2023qwen,
  title={Qwen technical report},
  author={Bai, Jinze and Bai, Shuai and Chu, Yunfei and Cui, Zeyu and Dang, Kai and Deng, Xiaodong and Fan, Yang and Ge, Wenbin and Han, Yu and Huang, Fei and others},
  journal={arXiv preprint arXiv:2309.16609},
  year={2023}
}

@article{achiam2023gpt,
  title={Gpt-4 technical report},
  author={Achiam, Josh and Adler, Steven and Agarwal, Sandhini and Ahmad, Lama and Akkaya, Ilge and Aleman, Florencia Leoni and Almeida, Diogo and Altenschmidt, Janko and Altman, Sam and Anadkat, Shyamal and others},
  journal={arXiv preprint arXiv:2303.08774},
  year={2023}
}

@article{koubaa2023gpt,
  title={GPT-4 vs. GPT-3.5: A concise showdown},
  author={Koubaa, Anis},
  year={2023},
  publisher={Preprints}
}

@article{falotico2015fleiss,
  title={Fleiss’ kappa statistic without paradoxes},
  author={Falotico, Rosa and Quatto, Piero},
  journal={Quality \& Quantity},
  volume={49},
  pages={463--470},
  year={2015},
  publisher={Springer}
}

@www{zjuthesisrules,
    title = {浙江大学本科生毕业论文（设计）编写规则},
    author = {浙江大学本科生院},
    year = {2018},
    url = {http://bksy.zju.edu.cn/attachments/2018-01/01-1517384518-1149149.pdf},
}
@www{tikz,
    title = {tikz宏包},
    author = {Till Tantau},
    year = {2018},
    url = {https://sourceforge.net/projects/pgf/},
}
@www{zjuthesis,
    title = {浙江大学毕业设计/论文模板},
    author = {王子轩},
    year = {2019},
    url = {https://github.com/TheNetAdmin/zjuthesis},
}
@www{zjugradthesisrules,
    title = {浙江大学研究生学位论文编写规则},
    author = {浙江大学研究生院},
    year = {2008},
    url = {http://grs.zju.edu.cn/redir.php?catalog_id=10038&object_id=12877},
}